@article{Cattiaux2008AInequality,
    title = {{A note on Talagrand's transportation inequality and logarithmic Sobolev inequality}},
    year = {2008},
    author = {Cattiaux, Patrick and Guillin, Arnaud and Wu, Liming},
    month = {10},
    url = {http://arxiv.org/abs/0810.5435},
    arxivId = {0810.5435},
    keywords = {47D07, 60G10, 60J60, Lyapunov functions, Talagrand transportation information inequality, logarith-mic Sobolev inequality MSC 2000 : 26D10}
}

@article{Bakry2008ACase,
    title = {{A Simple Proof of the Poincar{\'{e}} Inequality for a Large Class of Probability Measures Including the Log-concave Case}},
    year = {2008},
    journal = {Elect. Comm. in Probab},
    author = {Bakry, Dominique and Barthe, Franck and Cattiaux, Patrick},
    pages = {60--66},
    volume = {13},
    doi = {10.1214/ECP.v13-1352},
    keywords = {47D07, 60G10, 60J60, AMS 2000 Subject classification: Lyapunov functions, Poincar{\'{e}} inequality, log-concave mea-sure Keywords: 26D10}
}

@article{Borkar1999AAlgorithms,
    title = {{A Strong Approximation Theorem for Stochastic Recursive Algorithms}},
    year = {1999},
    journal = {Journal of Optimization Theory and Applications},
    author = {Borkar, V. S. and Mitter, S. K.},
    number = {3},
    pages = {499--513},
    volume = {100},
    publisher = {Kluwer Academic/Plenum Publishers},
    url = {https://link.springer.com/article/10.1023/A:1022630321574},
    doi = {10.1023/A:1022630321574},
    issn = {00223239},
    keywords = {Approximation of stochastic differential equations, Asymptotic behavior, Constant stepsize algorithms, Stochastic algorithms}
}

@book{Bakry2014AnalysisOperators,
    title = {{Analysis and Geometry of Markov Diffusion Operators}},
    year = {2014},
    author = {Bakry, Dominique and Gentil, Ivan and Ledoux, Michel},
    series = {Grundlehren der mathematischen Wissenschaften},
    volume = {348},
    publisher = {Springer International Publishing},
    url = {http://link.springer.com/10.1007/978-3-319-00227-9},
    address = {Cham},
    isbn = {978-3-319-00226-2},
    doi = {10.1007/978-3-319-00227-9}
}

@article{Welling2011BayesianDynamics,
    title = {{Bayesian learning via stochastic gradient langevin dynamics}},
    year = {2011},
    journal = {Proceedings of the 28th International Conference on Machine Learning, ICML 2011},
    author = {Welling, M and Teh, YW}
}

@techreport{Marquez1997ConvergenceProcesses,
    title = {{Convergence Rates for Annealing Diffusion Processes}},
    year = {1997},
    booktitle = {The Annals of Applied Probability},
    author = {Marquez, David},
    number = {4},
    pages = {1118--1139},
    volume = {7}
}

@inproceedings{Chaudhari2017Entropy-SGD:Valleys,
    title = {{Entropy-SGD: Biasing gradient descent into wide valleys}},
    year = {2017},
    booktitle = {5th International Conference on Learning Representations, ICLR 2017 - Conference Track Proceedings},
    author = {Chaudhari, Pratik and Choromanska, Anna and Soatto, Stefano and LeCun, Yann and Baldassi, Carlo and Borgs, Christian and Chayes, Jennifer and Sagun, Levent and Zecchina, Riccardo},
    month = {11},
    publisher = {International Conference on Learning Representations, ICLR},
    url = {https://github.com/ucla-vision/entropy-sgd},
    arxivId = {1611.01838}
}

@article{Bardet2015FunctionalDependence,
    title = {{Functional inequalities for Gaussian convolutions of compactly supported measures: explicit bounds and dimension dependence}},
    year = {2015},
    journal = {Bernoulli},
    author = {Bardet, Jean-Baptiste and Gozlan, Nathaël and Malrieu, Florent and Zitt, Pierre-André},
    number = {1},
    month = {7},
    pages = {333--353},
    volume = {24},
    publisher = {International Statistical Institute},
    url = {http://arxiv.org/abs/1507.02389},
    arxivId = {1507.02389},
    keywords = {Logarithmic Sobolev inequality, Poincar{\'{e}} inequality, Transport-entropy inequality}
}

@article{Zimmermann2013LogarithmicMeasures,
    title = {{Logarithmic Sobolev inequalities for mollified compactly supported measures}},
    year = {2013},
    journal = {Journal of Functional Analysis},
    author = {Zimmermann, David},
    number = {6},
    month = {9},
    pages = {1064--1083},
    volume = {265},
    doi = {10.1016/j.jfa.2013.05.029},
    issn = {00221236},
    keywords = {Logarithmic Sobolev inequalities}
}

@article{Gyongy1986MimickingDifferential,
    title = {{Mimicking the one-dimensional marginal distributions of processes having an ito differential}},
    year = {1986},
    journal = {Probability Theory and Related Fields},
    author = {Gy{\"{o}}ngy, I.},
    number = {4},
    month = {12},
    pages = {501--516},
    volume = {71},
    publisher = {Springer-Verlag},
    url = {https://link.springer.com/article/10.1007/BF00699039},
    doi = {10.1007/BF00699039},
    issn = {01788051},
    keywords = {Economics, Finance, Insurance, Management, Mathematical and Computational Biology, Mathematical and Computational Physics, Operations Research/Decision Theory, Probability Theory and Stochastic Processes, Quantitative Finance, Statistics for Business, Theoretical}
}

@article{Hsieh2018MirroredDynamics,
    title = {{Mirrored Langevin Dynamics}},
    year = {2018},
    journal = {Advances in Neural Information Processing Systems},
    author = {Hsieh, Ya-Ping and Kavis, Ali and Rolland, Paul and Cevher, Volkan},
    month = {2},
    pages = {2878--2887},
    volume = {2018-December},
    publisher = {Neural information processing systems foundation},
    url = {http://arxiv.org/abs/1802.10174},
    arxivId = {1802.10174}
}

@inproceedings{Raginsky2017Non-ConvexAnalysis,
    title = {{Non-Convex Learning via Stochastic Gradient Langevin Dynamics: A Nonasymptotic Analysis}},
    year = {2017},
    booktitle = {Proceedings of Machine Learning Research},
    author = {Raginsky, Maxim and Rakhlin, Alexander and Telgarsky, Matus},
    month = {6},
    pages = {1--30},
    volume = {65},
    publisher = {PMLR},
    url = {http://proceedings.mlr.press/v65/raginsky17a.html},
    issn = {2640-3498}
}

@article{Arnold2001OnEquations,
    title = {{On convex Sobolev inequalities and the rate of convergence to equilibrium for Fokker-Planck type equations}},
    year = {2001},
    journal = {Communications in Partial Differential Equations},
    author = {Arnold, Anton and Markowich, Peter and Toscani, Giuseppe and Unterreiter, Andreas},
    number = {1-2},
    pages = {43--100},
    volume = {26},
    publisher = {Marcel Dekker Inc.},
    url = {https://www.tandfonline.com/doi/abs/10.1081/PDE-100002246},
    doi = {10.1081/PDE-100002246},
    issn = {03605302},
    keywords = {26D10, 35B40, 47D07, 60J60, AMS 1999 Subject Classification: 35K57}
}

@article{Borovykh2020OnReduction,
    title = {{On stochastic mirror descent with interacting particles: convergence properties and variance reduction}},
    year = {2020},
    author = {Borovykh, Anastasia and Kantas, Nikolas and Parpas, Panos and Pavliotis, Grigorios A.},
    month = {7},
    url = {http://arxiv.org/abs/2007.07704},
    arxivId = {2007.07704}
}

@techreport{vanHandel2014ProbabilityDimension,
    title = {{Probability in High Dimension}},
    year = {2014},
    author = {van Handel, Ramon},
    month = {6},
    url = {https://apps.dtic.mil/sti/citations/ADA623999},
    institution = {Princeton University},
    keywords = {*PROBABILITY, BANACH SPACE, LECTURES}
}

@article{Kemp2014RandomInequalities,
    title = {{Random Matrices with Log-Range Correlations, and Log-Sobolev Inequalities}},
    year = {2014},
    author = {Kemp, Todd and Zimmermann, David},
    month = {5},
    url = {http://arxiv.org/abs/1405.2581},
    arxivId = {1405.2581}
}

@techreport{Gelfand1990RecursiveRd,
    title = {{Recursive Stochastic Algorithms for Global Optimization in Rd}},
    year = {1990},
    author = {Gelfand, Saul B and Mitter, Sanjoy K},
    month = {1}
}

@article{Girolami2011RiemannMethods,
    title = {{Riemann manifold Langevin and Hamiltonian Monte Carlo methods}},
    year = {2011},
    journal = {Journal of the Royal Statistical Society. Series B: Statistical Methodology},
    author = {Girolami, Mark and Calderhead, Ben},
    number = {2},
    month = {3},
    pages = {123--214},
    volume = {73},
    url = {https://rss.onlinelibrary.wiley.com/doi/full/10.1111/j.1467-9868.2010.00765.x https://rss.onlinelibrary.wiley.com/doi/abs/10.1111/j.1467-9868.2010.00765.x https://rss.onlinelibrary.wiley.com/doi/10.1111/j.1467-9868.2010.00765.x},
    doi = {10.1111/j.1467-9868.2010.00765.x},
    issn = {13697412},
    keywords = {Bayesian inference, Geometry in statistics, Hamiltonian Monte Carlo methods, Langevin diffusion, Markov chain Monte Carlo methods, Riemann manifolds}
}

@book{Pavliotis2014StochasticApplications,
    title = {{Stochastic Processes and Applications}},
    year = {2014},
    author = {Pavliotis, Grigorios  A.},
    series = {Texts in Applied Mathematics},
    volume = {60},
    publisher = {Springer New York},
    url = {http://link.springer.com/10.1007/978-1-4939-1323-7},
    address = {New York, NY},
    isbn = {978-1-4939-1322-0},
    doi = {10.1007/978-1-4939-1323-7}
}

@book{Villani2003TopicsTransportation,
    title = {{Topics in Optimal Transportation}},
    year = {2003},
    author = {Villani, Cédric},
    month = {3},
    series = {Graduate Studies in Mathematics},
    volume = {58},
    publisher = {American Mathematical Society},
    url = {http://www.ams.org/gsm/058},
    address = {Providence, Rhode Island},
    isbn = {9780821833124},
    doi = {10.1090/gsm/058}
}

@techreport{Pelletier1998WeakAnnealing,
    title = {{Weak Convergence Rates for Stochastic Approximation with Application to Multiple Targets and Simulated Annealing}},
    year = {1998},
    booktitle = {The Annals of Applied Probability},
    author = {Pelletier, Mariane},
    number = {1},
    pages = {10--44},
    volume = {8}
}