@article{BS06,
  author={Baik, J. and Silverstein, J. W.},
  journal={J. Multivariate Anal.}, 
  title={Eigenvalues of large sample covariance matrices of spiked population models}, 
  year={2006},
  volume={97},
  number={6},
  pages={1382--1408}}

@article{JTU03,
  author={Jolliffe, I. T. and Trendafilov, N. T. and Uddin, M},
  journal={J. Comput. Graph. Stat.}, 
  title={A modified principal component technique based on the lasso}, 
  year={2003},
  volume={12},
  number={3},
  pages={531--547}}

@article{RWY11,
  author={Raskutti, G. and Wainwright, M. J. and Yu, B.},
  journal={IEEE Transactions on Information Theory}, 
  title={Minimax rates of estimation for high-dimensional linear regression over $\ell_q$-balls}, 
  year={2011},
  volume={57},
  number={10},
  pages={6976--6994}}

@inproceedings{VL12,
  title={Minimax Rates of Estimation for Sparse PCA in High Dimensions},
  author={Vu, Vincent and Lei, Jing},
  booktitle={Proceedings of the Fifteenth International Conference on Artificial Intelligence and Statistics},
  pages = {1278--1286},
  year={2015}
}

@article{VL13,
  author={Vu, Vincent and Lei, King},
  journal={Ann. Stat.}, 
  title={Minimax Sparse Principal Subspace Estimation in High Dimensions},
  year={2013},
  volume={41},
  number={6},
  pages={2905--2947}}


@article{ZX18,
  author={H. {Zou} and L. {Xue}},
  journal={Proceedings of the IEEE}, 
  title={A Selective Overview of Sparse Principal Component Analysis}, 
  year={2018},
  volume={106},
  number={8},
  pages={1311-1320}}
